<?xml version="1.0" encoding="UTF-8"?><record xmlns="http://www.loc.gov/MARC21/slim" xmlns:cinclude="http://apache.org/cocoon/include/1.0" xmlns:zs="http://www.loc.gov/zing/srw/">
  <leader>00349nz  a2200121n  4500</leader>
  <controlfield tag="001">n  98032113 </controlfield>
  <controlfield tag="003">DLC</controlfield>
  <controlfield tag="005">19980406083950.1</controlfield>
  <controlfield tag="008">980406n| acannaab|          |n aaa |||  </controlfield>
  <datafield tag="010" ind1=" " ind2=" ">
    <subfield code="a">n  98032113 </subfield>
  </datafield>
  <datafield tag="040" ind1=" " ind2=" ">
    <subfield code="a">DLC</subfield>
    <subfield code="c">DLC</subfield>
  </datafield>
  <datafield tag="100" ind1="1" ind2="0">
    <subfield code="a">Homann, Heinz-Theo,</subfield>
    <subfield code="d">1950-</subfield>
  </datafield>
  <datafield tag="670" ind1=" " ind2=" ">
    <subfield code="a">Das funktionale Argument, c1997:</subfield>
    <subfield code="b">t.p. (Heinz-Theo Homann) cover (Dr. theol.; b. 1950)</subfield>
  </datafield>
</record>